@article{draxler2023convergence,
  title={On the convergence rate of gaussianization with random rotations},
  author={Draxler, Felix and K{\"u}hmichel, Lars and Rousselot, Armand and M{\"u}ller, Jens and Schn{\"o}rr, Christoph and K{\"o}the, Ullrich},
  booktitle={International Conference on Machine Learning},
  pages={8449--8468},
  year={2023},
  organization={PMLR},
  journal={PMLR}
}

@article{krizhevsky2012advances,
  title={Advances in neural information processing systems},
  author={Krizhevsky, Alex},
  journal={(No Title)},
  pages={1097},
  year={2012}
}

@article{theiler2021distilled,
  title={Distilled Gaussianization},
  author={Theiler, James and Ren, Christopher X},
  booktitle={Applications of Machine Learning 2021},
  volume={11843},
  pages={76--88},
  year={2021},
  organization={SPIE},
journal = {SPIE}
}

@inproceedings{meng2020gaussianization,
  title={Gaussianization flows},
  author={Meng, Chenlin and Song, Yang and Song, Jiaming and Ermon, Stefano},
  booktitle={International Conference on Artificial Intelligence and Statistics},
  pages={4336--4345},
  year={2020},
  organization={PMLR}
}

@misc{johnson2020gaussianization,
  author       = {J. Emmanuel Johnson},
  title        = {Gaussianization},
  year         = {2020},
  url          = {https://github.com/jejjohnson/research_journal},
  note         = {Research journal on Gaussianization, Bayesian neural networks, and related methods.}
}

@misc{eecs_data_compression,
  author = {People @EECS},
  title = {27.1 A lower bound on data compression},
  howpublished = {Online},
  url = {https://people.eecs.berkeley.edu/~jrs/170/lec/compression.pdf},
  note = {Accessed: 2025-03-20}
}

@misc{BBC_Huffman_2025,
  author       = {BBC Bitesize},
  title        = {Huffman Coding and Huffman Trees},
  year         = {2025},
  url          = {https://www.bbc.co.uk/bitesize/guides/},
  note         = {Fundamentals of data representation - AQA, covering Huffman coding, binary trees, and data compression.}
}

@article{pezoulas2024synthetic,
  title={Synthetic data generation methods in healthcare: A review on open-source tools and methods},
  author={Pezoulas, Vasileios C and Zaridis, Dimitrios I and Mylona, Eugenia and Androutsos, Christos and Apostolidis, Kosmas and Tachos, Nikolaos S and Fotiadis, Dimitrios I},
  journal={Computational and structural biotechnology journal},
  year={2024},
  publisher={Elsevier}
}

@article{ismailov2024universal,
  title={Universal approximation theorem for neural networks with inputs from a topological vector space},
  author={Ismailov, Vugar},
  journal={arXiv preprint arXiv:2409.12913},
  year={2024}
}